1700 3005
294 171 399 208 1526
819 163 909 207 134.
948 165 1117 207 Aricia.

288 278 335 317 D.
366 274 639 319 findernam
670 275 709 312 in
739 274 936 316 'romensi
969 278 1179 317 rarissime.
1238 275 1290 321 (E
1318 273 1508 325 Glogavia
1542 290 1561 314 a
1610 276 1654 313 D.

292 348 442 388 Zeller
470 349 555 385 sine
585 353 820 400 synonymia
853 353 1179 394 communicata).

337 442 373 478 ῼ.
400 439 510 469 Valde
536 440 657 469 Similis
682 442 802 479 priori,
829 443 890 471 sed
913 444 1149 480 lnagnitudine
1174 440 1292 480 paullO
1319 440 1464 474 lninore‚
1499 440 1654 468 antennis

380 502 539 531 nonnihil
564 503 790 535 brevioribus.
818 505 928 539 oculis
954 506 1054 534 nudis
1080 504 1130 545 (in
1154 503 1339 533 individuis
1379 502 1467 530 bene
1514 503 1655 531 servatis

383 570 515 593 tantum
554 566 803 605 microscopice
842 569 866 597 l.
909 569 1108 598 tenuissime
1146 564 1351 606 puberulis),
1392 565 1505 593 fronte
1544 566 1656 593 minus

384 628 614 666 prominente,
643 630 845 667 epistomate
886 632 1081 668 subretuso,
1130 641 1193 660 nec
1239 629 1528 668 perpendiculari,
1578 629 1658 657 villa

384 691 525 720 frontali
552 692 842 730 griseo—micante,
869 704 933 723 nec
957 699 1042 731 atra,
1068 695 1217 723 thoracis
1242 693 1344 722 lineis
1376 691 1482 728 magis
1529 691 1657 729 perspi-

385 755 471 790 cuis,
496 758 535 782 ut
561 751 596 789 ὃς
621 755 683 783 alis
708 756 820 785 minus
848 757 1029 795 elongatis,
1055 761 1149 786 certe
1176 756 1345 785 distincta.
1396 754 1504 792 Caput
1527 754 1657 782 cinera-

384 826 492 845 scens.
542 818 779 847 Antennarum
805 820 971 848 articulus
996 821 1138 849 ultimus
1165 819 1342 853 obovatus,
1376 817 1471 854 apice
1503 816 1657 844 obtusiu-

382 879 492 908 culus.
542 879 704 908 Thoracis
730 881 826 910 lineae
850 882 870 910 2
895 883 1024 919 mediae,
1057 886 1215 920 angustae,
1257 880 1506 919 approximatae,
1556 877 1591 915 δῖ
1639 881 1658 908 2

384 942 546 971 laterales
572 944 726 972 nonnihil
752 944 907 981 latiores,
932 946 1145 984 interruptae;
1172 945 1281 981 nigrae.
1322 943 1516 973 Scutellum
1542 940 1576 978 &C
1603 943 1657 971 ab·

385 1006 511 1034 domen
536 1010 674 1034 ovatum
699 1008 902 1044 pubescens,
928 1009 1078 1043 cinerea,
1122 1008 1261 1036 omnino
1302 1007 1532 1034 immaculata.
1581 1005 1658 1034 Ala-

379 1077 456 1097 rum
481 1078 604 1096 nervus
631 1072 842 1098 transversus
869 1071 1064 1099 ordinarius
1090 1069 1264 1099 interdum
1287 1068 1412 1098 leviter
1435 1068 1557 1097 flexus.
1591 1069 1658 1097 Re-

380 1130 477 1168 liqua
502 1134 540 1158 ut
563 1131 599 1158 in
623 1132 847 1168 praecedente.

345 1190 428 1223 Obs.
479 1194 531 1222 An
556 1193 580 1230 ῼ
607 1191 669 1224 ΑΓ.
696 1192 905 1227 innocentis
930 1196 1017 1224 1:323
1044 1195 1113 1225 Sed
1139 1196 1259 1224 thorax
1285 1195 1443 1224 cinereus
1467 1194 1607 1223 lineolis
1639 1192 1661 1221 4

384 1257 489 1293 nigris
516 1253 595 1295 (nec
621 1257 790 1295 nigricans
815 1258 955 1287 lineolis
981 1260 1000 1287 3
1027 1256 1134 1298 atris),
1161 1259 1345 1288 scutellum
1372 1258 1549 1286 cinereum
1582 1254 1662 1295 (nec

387 1318 549 1360 nigrum),
575 1325 612 1348 ut
640 1318 675 1357 SC
699 1322 870 1351 abdomen
894 1323 1154 1352 immacutatum
1179 1321 1258 1361 (nec
1282 1322 1375 1351 linea
1401 1320 1531 1349 dorsali
1576 1319 1660 1348 inci-

388 1383 548 1420 surisque
574 1384 679 1420 nigris
706 1382 893 1424 ornatum),
927 1385 1064 1414 obstare
1112 1386 1283 1414 videntur.
1331 1385 1452 1422 Neque
1500 1383 1663 1412 seminam

385 1443 451 1475 ΑΓ.
472 1444 647 1486 glacialis
672 1444 767 1486 (131)
795 1457 880 1483 esse,
907 1448 1010 1477 facile
1036 1449 1070 1477 in
1111 1449 1342 1486 suspicionem
1380 1447 1498 1475 venire
1536 1449 1662 1483 potest,

391 1518 469 1536 nam
496 1509 536 1536 ab
562 1509 625 1537 hac
650 1509 773 1537 iisdem
799 1511 888 1538 notis
915 1520 953 1538 ac
979 1512 1020 1539 ab
1046 1509 1241 1541 innocente
1259 1511 1440 1547 discrepat,
1457 1505 1662 1546 &praeterea

386 1570 499 1599 fronte
523 1571 635 1599 minus
661 1572 877 1608 prominente
914 1577 1015 1610 atque
1055 1573 1245 1602 hatten-ibus
1294 1572 1551 1609 nigricantibus,
1600 1581 1663 1600 nec

386 1633 558 1668 testaceis,
585 1633 711 1662 differt.
759 1634 906 1671 Blarem,
933 1635 1013 1664 licet
1039 1636 1203 1664 hactenus
1229 1636 1396 1672 ignotum,
1423 1634 1533 1662 oculis
1566 1634 1663 1662 hirtis

389 1696 540 1734 gaudere
569 1706 610 1725 ex
635 1696 793 1733 analogia
819 1700 952 1736 opinor,
977 1699 1070 1729 unde
1096 1699 1245 1737 speciem
1269 1698 1305 1726 in
1329 1698 1392 1726 hac
1429 1697 1662 1727 subdivisione

392 1759 435 1787 ad
460 1759 600 1787 interim
623 1759 736 1787 locavi
760 1755 804 1798 ²⁴).

343 1906 374 1949 ²4)
400 1909 584 1946 Postquam
609 1919 711 1948 supra
737 1911 877 1940 allatam
901 1909 1177 1938 observationem
1203 1909 1362 1938 annotavi
1390 1907 1425 1945 &⁹
1455 1908 1665 1948 manuscrip-

395 1976 467 1999 tum
487 1968 561 2009 jam
586 1973 671 2012 typis
697 1973 867 2008 mandavi,
894 1973 1023 2001 amicus
1048 1982 1145 2000 meus
1171 1972 1262 2001 Prot.
1295 1969 1495 2012 IValclberg
1542 1981 1666 2009 nuper-

390 2035 478 2063 rime
503 2034 588 2063 mihi
612 2035 758 2073 scripsit,
785 2046 820 2064 se
849 2033 943 2065 Ario.
970 2032 1201 2064 innocentem
1227 2039 1266 2063 ut
1290 2045 1420 2064 marem
1454 2031 1489 2070 ὃς
1529 2032 1667 2063 decolo-

393 2105 469 2126 rem
493 2101 532 2125 ut
557 2097 721 2126 feminam
745 2098 781 2126 in
805 2098 981 2136 Lapponia
1007 2097 1149 2126 Lulensi
1175 2097 1217 2125 ad
1240 2095 1432 2135 Randijaur
1458 2094 1493 2132 8,·
1532 2096 1666 2125 Manis-

393 2160 511 2188 udden
536 2160 571 2188 in
596 2160 721 2198 copula
740 2157 878 2198 junctas
905 2159 1185 2198 deprehendisse,
1212 2159 1444 2197 feminamque
1469 2160 1517 2188 ibi
1549 2159 1665 2197 copio-

393 2223 562 2251 sissimam
588 2219 622 2254 ὃς
648 2223 683 2250 in
708 2223 848 2251 auribus
874 2223 1013 2251 viatoris
1039 2231 1114 2250 sese
1140 2221 1315 2250 occultare
1341 2226 1534 2258 conantem,
1560 2223 1669 2251 veluti

393 2286 552 2315 Culicnm
578 2294 683 2322 genus
709 2285 809 2313 valde
834 2285 1016 2313 molestam
1041 2288 1143 2321 atque
1168 2284 1360 2313 irritantem
1378 2285 1560 2314 invenisse.
1589 2286 1667 2314 Om-

394 2357 437 2376 ne
461 2348 567 2385 igitur
591 2348 734 2376 dubium
758 2352 928 2376 remotum
952 2347 1088 2375 videtur
1107 2343 1168 2376 Ar.
1181 2345 1410 2378 innocentem
1428 2347 1668 2387 &decolorem

395 2407 551 2448 ejusdem
577 2419 652 2440 esse
677 2410 817 2448 speciei,
844 2419 924 2447 quae,
971 2410 1078 2447 priori
1126 2410 1265 2438 nomine
1313 2410 1441 2447 deleto,
1489 2412 1669 2449 antiquum

390 2472 632 2501 Fallenianum
655 2470 838 2501 ’'decolor'’
864 2472 967 2501 etiam
992 2473 1142 2501 retinere
1167 2472 1280 2501 dehet.
