1700 3005
365 141 454 178 102.
492 137 683 178 Oestrns.
746 142 836 179 103.
873 138 1072 179 Gaserus.
1318 142 1398 180 975

153 248 251 288 Hab.
282 261 353 300 per
387 253 509 286 totam
541 246 869 295 Scandinaviani,
902 248 1091 300 vulgaris.
1147 248 1272 287 Larva
1305 262 1399 300 apo-

31 323 76 361 da
96 354 106 370 ,
137 335 303 374 rugosa,
336 316 539 367 brunnen,
570 322 673 359 iutra
705 326 838 360 cutem
869 321 1013 369 boum,
1044 322 1180 361 ulcera
1204 334 1400 361 caussans.

31 396 163 447 lmago
196 396 340 434 bestias
387 395 610 446 pracsertim
652 393 833 443 juniores
889 395 1071 442 infestat,
1121 399 1145 433 3
1196 396 1400 434 Jun.—-14

31 470 133 520 Aug.
162 469 295 507 obvia.
354 469 396 506 ln
439 470 514 506 viis
552 469 730 505 arenosis
772 467 925 507 Scaniae
968 481 1072 519 saepo
1117 469 1211 509 vidi.
1258 493 1311 498 -—
1356 469 1398 507 ln

31 543 264 594 Blekingia,
295 541 548 587 Gottlandia,
592 539 873 592 Ostrogothia,
917 541 1243 594 Westrogothia,
1291 541 1400 581 haud

32 629 124 654 raro
163 620 305 667 capla3
347 617 384 653 in
428 614 668 651 Jemtlandia
715 625 841 664 usque
886 616 933 652 ad
979 615 1241 667 Skalstugan,
1290 627 1398 655 raro.

32 689 72 727 ln
117 689 320 739 Lapponia
367 687 588 735 Norvegica
635 692 808 736 uterque
851 699 971 724 sexus
1017 700 1036 725 a
1082 688 1125 727 D.
1181 685 1398 727 Boheman

32 763 172 801 lectus.
203 761 253 806 (E
284 761 474 798 Berolino
508 761 631 805 1840,
662 759 709 798 D.
741 757 966 808 Biiltman).

85 833 159 884 (ζῼ.
186 844 303 876 Priori
334 842 459 885 paullo
485 843 614 874 minor.
665 842 804 874 Pallide
831 841 940 875 ssavo·
966 852 1031 875 seu
1067 843 1216 876 sordide
1259 843 1400 877 albido-

121 906 252 938 hirtus,
303 907 417 938 F-rons
443 906 575 948 grisea.
625 907 797 937 Antennae
831 905 947 937 foveae
990 906 1183 939 biloculari
1227 907 1398 946 insertae,

121 969 268 1007 nitidae,
296 968 407 1000 fuscae
435 968 457 1000 l.
486 972 668 1000 testaceae.
718 969 910 1011 Epistoma
936 974 976 1002 ut
1000 969 1034 1001 in
1062 970 1187 1012 priori.
1231 970 1340 1013 Palpi
1369 970 1399 1002 ἅ

119 1032 308 1074 proboscis
333 1031 621 1063 subdeficientia.
671 1031 822 1064 Thorax
849 1031 959 1065 dorso
985 1033 1214 1066 trisulcatus.
1252 1033 1399 1075 Organa

117 1103 225 1127 sexus
252 1098 292 1127 ut
317 1095 350 1126 in
378 1095 503 1137 priori.
551 1094 625 1125 Alae
652 1094 800 1126 sordide
830 1095 944 1135 albae,
971 1097 1091 1129 nervis
1128 1095 1296 1139 pallidis,
1342 1105 1401 1126 co·
1459 1138 1461 1141 r

118 1157 274 1189 stalibus
300 1157 425 1189 fuscis.
475 1157 609 1189 Nervi:
634 1155 732 1190 4ttus
758 1158 853 1190 inter
877 1159 1050 1201 angulum
1078 1161 1108 1192 ἀ
1141 1165 1281 1191 costam
1318 1158 1400 1189 sub-

123 1221 337 1259 obsoletus,
365 1226 509 1259 1·ectus;
544 1226 774 1252 transversus
817 1220 1026 1253 ordinarius
1068 1223 1180 1254 etiam
1226 1220 1399 1253 subobso-

125 1283 242 1322 letus,
292 1281 451 1314 nonnihil
501 1281 628 1314 flexus.
685 1283 872 1314 Praeterea
920 1288 1106 1325 segmenta
1154 1288 1269 1315 costae
1323 1282 1401 1314 fere

125 1350 164 1374 ut
191 1345 223 1375 in
256 1342 319 1375 Oe.
351 1343 530 1376 Tarancti.
580 1344 879 1387 Squamae—albae.
928 1344 1103 1377 Halteres
1129 1345 1236 1378 fusci.
1280 1344 1399 1378 Tibiae

128 1409 286 1441 obsbure
313 1413 496 1439 testaceae.
546 1408 653 1439 Tarsi
681 1407 816 1447 albidi,
851 1407 1177 1450 nigro-spinulosi,
1221 1407 1399 1450 ungvibus

126 1470 360 1514 pulvillisque
387 1470 538 1511 magniS.

83 1533 164 1567 obs.
216 1530 289 1563 Sub
316 1532 381 1564 hac
407 1532 529 1575 specie
563 1532 640 1562 sine
682 1529 794 1562 dubio
837 1531 930 1564 latet
976 1529 1043 1566 Oe.
1085 1529 1400 1564 haemorrlzoidalis

121 1596 225 1628 Linn.
254 1594 316 1628 Ρη,
346 1594 407 1627 Su.
435 1594 540 1632 1733,
574 1592 762 1635 magnos„
790 1593 889 1625 nulla
915 1603 1002 1626 vero
1029 1593 1154 1626 habita
1187 1593 1331 1626 ratione
1354 1592 1400 1624 ad

125 1659 250 1690 verba:
277 1657 444 1690 ”habitat
470 1658 503 1688 in
530 1662 631 1688 recto
657 1656 714 1687 ani
743 1657 966 1699 Equoi·un1''.
1018 1656 1092 1692 Cfr.
1120 1654 1274 1689 Modeer
1309 1655 1333 1687 l.
1370 1664 1400 1687 c.

130 1732 163 1765 p.
191 1719 266 1755 149.

387 1906 495 1950 103.
552 1902 857 1951 GASTRUS
894 1902 1042 1961 Meig.

82 2005 224 2048 Corpus
249 2004 400 2046 majoris
435 2004 717 2047 magnitudinis,
763 2004 985 2046 oblongum,
1031 2001 1178 2033 hirtum.
1227 2001 1401 2032 Antennae

125 2070 242 2102 foveae
270 2068 335 2100 sub
360 2066 494 2099 frontis
520 2069 640 2099 antico
667 2068 836 2107 insertae,
863 2065 1111 2102 brevissimae,
1137 2061 1305 2094 articulis
1331 2062 1350 2095 1
1372 2062 1402 2093 dc

124 2134 147 2166 2
172 2131 319 2174 parvis,
345 2130 476 2162 ultimo
505 2130 725 2169 rotundato,
753 2138 986 2173 compresso,
1013 2132 1092 2158 seta
1119 2124 1256 2157 dorsali
1296 2123 1404 2155 nuda.

127 2194 273 2226 Cavitas
300 2193 413 2225 oralis
440 2193 552 2226 nulla.
588 2194 639 2226 Os
667 2193 868 2225 tuberculis
893 2186 1252 2234 2parvis(palpis'3).
1279 2186 1401 2226 Oculi,

128 2256 234 2289 ocelli
263 2257 292 2288 ἀ
317 2256 493 2288 abdomen
522 2261 562 2288 ut
587 2256 621 2287 in
653 2254 799 2288 Oestro.
847 2255 921 2287 Alae
948 2250 1210 2285 incumbentes.
1258 2250 1403 2283 Nervus

128 2320 225 2362 long.
250 2317 346 2352 llxtus
372 2323 495 2350 rectus
522 2318 629 2362 longe
654 2328 748 2362 pone
774 2319 912 2361 apicem
938 2317 1007 2348 alae
1042 2316 1077 2347 in
1112 2312 1310 2354 marginem
1344 2319 1403 2343 ex-

127 2383 254 2415 currit.
292 2381 445 2415 Nervuli
472 2383 692 2414 transversi:
719 2381 859 2414 medius
887 2381 917 2413 ἀ
943 2378 1150 2411 ordinarius
1175 2382 1273 2417 saepe
1298 2372 1403 2416 quasi

127 2447 162 2477 in
189 2444 313 2478 eadem
340 2444 436 2477 linea
473 2445 765 2487 perpendiculari
811 2444 903 2487 apici
949 2442 1049 2475 nervi
1091 2437 1283 2473 auxiliaris
1325 2434 1403 2467 fere

1209 2501 1286 2537 123
