1700 3005
277 128 383 164 1348
748 122 841 161 131.
878 121 1162 174 (2'217·coyeevtra.

325 235 397 274 do.
423 232 615 266 Simillima
642 230 768 274 priori,
795 229 856 261 sed
884 230 1132 273 magnitudine
1158 243 1256 276 saepe
1282 232 1392 276 duplo
1420 233 1569 272 minore,
1611 234 1642 265 dc

373 308 470 329 mas:
497 297 628 340 pedum
656 294 883 338 posticorum
911 294 1010 324 tibiis
1037 294 1208 326 distincte
1234 296 1405 333 incurris,
1432 302 1537 327 extus
1564 306 1641 338 par-

367 370 407 391 ce
432 361 579 395 setosis,
605 358 720 400 apice,
749 361 882 399 praeter
908 356 1072 398 spinulus
1099 357 1318 396 ordinarios,
1345 359 1442 389 intus
1469 359 1596 389 setulis
1619 360 1640 392 2

369 422 544 459 curvatis,
573 425 773 451 metatarso
801 418 931 448 subtus
960 419 1076 460 rigide
1103 421 1362 461 nigro-ciliano,
1393 426 1433 451 nt
1468 421 1496 452 dc
1531 420 1640 452 femo-

366 485 466 516 ribus
492 484 622 514 anticis
650 488 755 514 extus
783 491 890 524 parce
916 481 1058 524 pilosis,
1086 492 1148 513 nec
1175 483 1285 514 dense
1311 483 1475 521 villosis3
1511 484 1540 514 dc
1581 480 1642 524 se-

369 546 490 578 mina:
516 545 708 577 abdomine
734 544 921 583 subovali3
948 551 1047 577 certe
1081 542 1217 576 differt.
1267 544 1299 578 <3³
1346 555 1366 576 a
1414 545 1642 588 praecedente

367 609 542 641 facillime
569 609 665 640 notis
692 608 816 640 allatis
843 606 1082 647 dignoscitur,
1111 608 1172 639 sed
1201 610 1225 646 ῼ
1259 618 1279 638 a
1322 608 1455 639 femina
1505 608 1641 650 prioris

371 673 430 705 vix
456 672 524 703 nisi
552 671 814 713 magnitudine,
842 675 881 699 ut
908 668 1057 708 dictum,
1085 671 1235 710 minore,
1262 671 1453 702 abdomine
1479 670 1640 703 nonnihil

367 735 593 778 angustiore,
622 739 660 765 ut
687 734 716 765 dc
755 741 864 764 nervo
892 730 1021 773 longit.
1046 730 1120 766 Alzto
1146 733 1243 765 forte
1270 734 1393 775 paullo
1422 734 1538 765 minus
1586 743 1641 764 ar-

367 798 502 829 cuatim
531 795 638 834 ssexn,
666 796 919 837 distinguitur.

389 900 425 936 3.
487 895 531 935 C.
562 894 718 944 vulga:
757 896 1038 935 caerulesccnti
1086 897 1210 946 nigra,
1255 894 1448 939 antennis,
1496 894 1640 944 palpIS‚

273 972 371 1008 vitta
404 969 569 1007 frontali
603 966 856 1017 pedibusque
897 970 1044 1019 nigris3
1094 969 1333 1017 epistomate
1383 966 1639 1017 thoracisque

272 1045 340 1082 vix
383 1045 515 1082 vittati
562 1040 756 1079 lateribus
800 1039 1158 1086 albo-nitentibus3
1203 1039 1415 1076 abdomine
1460 1041 1642 1078 cinereo-

270 1116 534 1162 submicante,
567 1114 668 1152 linea
711 1112 859 1150 dorsali
905 1114 1169 1163 incisurisquc
1214 1111 1523 1150 indeterminate
1570 1114 1640 1152 ob-

269 1189 548 1228 scurioribus:
589 1199 701 1224 mas:
746 1185 890 1234 pedum
938 1188 1183 1236 posticorum
1231 1184 1339 1222 tibiis
1384 1188 1557 1224 arcuatis
1599 1187 1638 1225 ά·

269 1274 390 1313 parce
421 1260 648 1311 spinnlosis,
679 1259 905 1296 metatui-sis
935 1260 1042 1296 intus
1070 1259 1259 1297 barbatis.
1291 1256 1339 1308 (ζ’.
1376 1257 1516 1309 (Long.
1560 1262 1638 1298 cir·

267 1336 369 1374 citer
399 1334 450 1385 23
484 1333 584 1378 lin.).

386 1423 551 1462 Wahlb.
583 1425 621 1462 in
654 1422 802 1460 litteris
831 1422 867 1459 d.
898 1425 921 1459 5
952 1421 1052 1460 Nov.
1082 1423 1200 1459 1844.

389 1514 491 1553 Hab.
543 1513 591 1551 ad
645 1512 872 1562 Quickjock
920 1513 1135 1563 Lapponiae
1188 1512 1386 1558 Lulensis,
1440 1513 1507 1550 ubi
1561 1514 1636 1553 sub

270 1592 410 1625 {estate
442 1588 548 1625 1843
579 1599 598 1624 a
630 1586 677 1624 D.
710 1586 813 1623 Prof.
853 1583 1089 1636 lValzlberg
1119 1588 1157 1624 in
1191 1587 1310 1624 unico
1340 1586 1528 1636 exemplo
1578 1589 1638 1625 in-

269 1665 402 1698 venta.

313 1748 357 1782 d.
383 1748 547 1790 Speciem
575 1748 677 1789 hane,
703 1758 782 1792 quae
811 1750 924 1792 priori
952 1749 1057 1780 valde
1083 1747 1213 1779 similis
1240 1747 1395 1786 videtur,
1438 1749 1517 1789 ipse
1565 1760 1633 1780 non

355 1811 523 1845 lustravi.
573 1812 620 1843 Ut
646 1811 826 1843 diversum
855 1817 973 1843 tamen
1001 1811 1100 1842 illum
1127 1808 1242 1841 affero
1291 1811 1515 1842 auctoritate
1558 1811 1634 1843 Cel.

359 1874 584 1913 Detectoris‚
612 1875 669 1916 qui
698 1879 907 1917 sequentem
957 1873 1174 1916 cumpletum
1224 1873 1303 1914 ejus
1351 1872 1632 1915 descriptionem

358 1946 422 1978 per
449 1936 594 1967 litteras
637 1939 844 1980 nuperrime
893 1935 976 1968 mihi
1026 1936 1326 1967 communicavit:
1374 1934 1634 1978 ’'Gyrtoneura

351 1997 464 2040 vulga
491 1997 541 2031 6¹:
571 1997 672 2042 Cyrt.
699 1999 888 2041 czcrvipedi
911 2000 1028 2041 Macq.
1055 1998 1188 2037 affinis,
1214 1997 1276 2028 sed
1303 1998 1426 2029 colore
1448 2000 1630 2040 corporis,

355 2062 498 2102 pictura
526 2060 701 2102 thoracis,
728 2063 842 2105 spinis
868 2062 1071 2104 apiculibus
1098 2061 1266 2092 tibiarum
1294 2061 1515 2102 posticariam
1560 2073 1628 2092 non

358 2123 538 2154 uncinatis
566 2124 595 2155 dc
622 2124 702 2155 loco
731 2125 842 2155 natali
870 2125 946 2155 sine
972 2124 1082 2155 dubio
1109 2124 1292 2154 distincta.
1317 2140 1360 2144 -
1386 2122 1630 2156 Caerutescen-

355 2185 380 2215 ti
408 2186 522 2227 nigra,
550 2187 677 2226 nitida,
704 2193 840 2219 setosa.
892 2187 995 2218 Oculi
1024 2186 1120 2224 nudi,
1147 2184 1307 2216 nonnihil
1342 2186 1485 2223 remoti,
1536 2187 1628 2218 orbi-

354 2247 401 2277 tis
428 2248 567 2280 scilicet
593 2250 623 2281 ὣ
650 2249 744 2281 linea
771 2250 889 2280 media
914 2254 1070 2291 angusta
1097 2248 1197 2289 nigra
1223 2246 1408 2288 disjuncti.
1433 2248 1549 2280 Frons
1571 2250 1628 2282 vix

355 2311 573 2350 prominula.
611 2313 799 2354 Epistoma
826 2310 944 2342 medio
972 2311 1200 2351 impressum.
1228 2309 1322 2341 infra
1348 2310 1474 2341 oculos
1500 2322 1626 2353 parum

351 2370 587 2413 descendens,
613 2381 714 2406 certo
743 2376 814 2406 situ
841 2372 1182 2415 argenteo-micans,
1210 2381 1272 2402 ore
1307 2371 1497 2413 producto,
1547 2379 1626 2405 seta

347 2436 549 2475 mystacinn
576 2437 746 2479 utrinqne
775 2437 877 2468 utiica
906 2435 1073 2478 longiori.
1111 2433 1222 2466 Genae
1248 2434 1373 2476 nigrae,
1391 2434 1623 2476 nitidae,cum
