1700 3005
431 152 522 190 109.
559 148 714 190 Gonia.
777 148 868 186 110.
906 144 1055 189 'l're'xa⁴
1317 152 1423 190 1199

151 261 346 301 testaceis,
373 269 436 292 nec
462 259 598 301 nigris,
622 260 763 292 alarum
790 257 912 290 nervis
937 256 1054 288 minus
1080 253 1285 297 infuscatis,
1309 259 1422 301 longi-

152 321 304 355 tudiunli
331 323 405 358 —sltto
431 322 525 354 infra
550 323 721 365 angulum
748 332 818 354 non
844 320 1077 356 continuato,
1104 322 1144 349 ut
1170 320 1200 351 δε
1225 331 1311 353 area
1359 333 1424 354 sae-

152 384 302 425 pissime
328 387 496 424 occlusa,
524 396 606 417 rere
633 386 816 417 distincta.
861 384 978 426 Caput
1003 383 1037 414 in
1060 382 1282 423 juvenilibus
1308 383 1423 416 fulvo-

150 446 351 483 rufe-scens.
400 449 498 481 setae
525 448 702 481 frontales
727 447 815 482 3—4
840 447 935 480 infra
960 450 1196 477 antennarum
1235 446 1337 479 basin
1365 448 1424 480 de-

153 511 351 550 scendunt,
380 512 441 543 sed
469 512 585 542 minus
611 511 763 550 validm,
789 521 894 553 quum
938 510 972 541 in
1021 506 1261 550 praecedente.
1309 510 1423 542 Abdo-

156 582 234 604 men
263 574 444 606 interdum
472 575 611 616 piceum
639 573 752 614 (forte
777 574 811 604 in
849 582 964 615 nuper
1011 569 1209 610 exclusis),
1258 581 1328 614 quo
1380 572 1423 604 G.

152 634 267 676 piceae
293 637 410 680 Macq.
437 636 722 679 appropinquari
750 634 905 666 videtur.

473 898 584 945 110.
640 893 845 941 TRIXA
877 895 1025 955 Meig.

110 1014 253 1058 Corpus
279 1025 444 1058 magnum
471 1021 536 1048 aut
561 1017 741 1058 medium,
767 1023 937 1059 ovatum,
973 1014 1269 1052 tachinaeforme‚
1321 1013 1428 1055 pube-

155 1089 279 1119 scens,
307 1084 491 1118 setosum,
542 1090 708 1123 opacum.
758 1082 930 1114 Antennae
977 1079 1248 1115 incumbentes,
1294 1076 1430 1108 brevis-

154 1144 277 1182 simae,
303 1143 470 1179 articulis
495 1145 517 1176 2
543 1145 571 1176 ὦ
595 1144 616 1177 3
641 1145 849 1188 subaequiS‚
875 1144 1003 1177 horum
1031 1142 1160 1174 ultimo
1210 1138 1430 1177 rotundato,

153 1210 286 1244 orato,
312 1210 391 1236 seta
417 1205 674 1246 biarticulata‚
702 1217 874 1246 recurva,
901 1205 1115 1239 brevissime
1141 1202 1331 1246 puberum,
1352 1201 1430 1233 basi

153 1269 369 1300 incrassata.
418 1267 534 1300 Frons
561 1268 702 1300 modice
729 1270 958 1311 prominens,
987 1268 1079 1298 vitta
1128 1266 1273 1298 striata.
1323 1263 1429 1296 Oculi

156 1330 281 1373 parri,
307 1329 412 1369 nudi,
440 1329 603 1362 brunnei.
655 1332 846 1374 Epistoma
895 1328 1288 1374 subperpeudicuhre,
1337 1326 1433 1358 iufra

154 1392 285 1424 oculos
312 1391 419 1435 longe
445 1393 690 1433 descendens,
718 1394 872 1432 nudum,
898 1394 1121 1432 cai-inlatum,
1169 1390 1335 1422 vibrissis
1383 1390 1434 1421 in-

156 1455 259 1488 ferne
293 1456 441 1497 spuriis.
491 1457 679 1498 Mystaces
723 1456 825 1488 nulli.
875 1457 925 1488 Os
974 1466 1044 1487 non
1093 1453 1282 1486 reflexum.
1328 1452 1433 1494 Palpi

156 1518 297 1560 magni,
344 1517 490 1549 clavati.
538 1518 702 1551 Mentum
752 1518 922 1561 pilosum.
980 1517 1164 1551 Abdomen
1220 1516 1433 1559 plerumque

156 1580 230 1612 late
255 1584 402 1611 ovatum
418 1604 427 1619 ,
453 1582 652 1623 segmentis
678 1581 850 1625 subaeque
876 1582 1016 1625 longis,
1043 1580 1174 1613 anticis
1198 1581 1220 1613 2
1244 1579 1279 1610 in
1301 1577 1433 1616 medio,

158 1642 311 1684 reliquis
336 1645 358 1677 2
383 1643 560 1686 undique,
588 1645 733 1677 setosis,
781 1645 855 1677 Alae
889 1644 1115 1676 divaricatae.
1163 1642 1273 1675 Nervi
1320 1646 1435 1673 trans-

156 1705 271 1737 versi:
298 1705 510 1737 ordinarius
539 1706 673 1745 flexus,
701 1706 825 1748 paullo
852 1717 945 1750 pone
971 1706 1127 1738 medium
1166 1714 1262 1737 areae
1296 1709 1435 1747 apertae

159 1769 340 1808 insertus,
367 1769 518 1811 apiculis
545 1769 806 1807 subincurvus,
831 1779 915 1802 mox
941 1775 1026 1802 ante
1073 1769 1212 1812 apicem
1261 1767 1330 1800 alm
1378 1777 1437 1800 ex-

167 1833 295 1864 currit.
344 1832 453 1865 Nervi
482 1830 789 1873 longitudinalest
817 1832 924 1865 &tius
949 1833 1028 1864 basi
1055 1832 1185 1864 setulis
1205 1830 1314 1871 5-——9‚
1340 1828 1437 1865 littus

165 1894 521 1936 sabacutangulatim
549 1893 686 1932 flexus,
713 1893 893 1934 breviter,
943 1894 1004 1926 sed
1054 1894 1295 1926 determinate
1343 1892 1438 1925 infra

164 1959 336 2000 anguium
364 1957 598 1990 descendens·
641 1957 792 1999 Spinula
817 1963 930 1989 costae
957 1957 1068 1988 nulla.
1103 1956 1271 1999 Squamae
1298 1965 1437 1998 magnae

167 2021 275 2053 albae.
326 2019 498 2051 Halteres
526 2019 623 2054 ssavi.
675 2018 786 2052 Color
812 2021 1005 2061 nigricans,
1049 2017 1159 2050 Motu
1184 2019 1436 2050 velocissima:

167 2089 232 2116 aut
256 2083 382 2114 volatu
410 2083 583 2114 continuo
606 2083 713 2124 juxta
739 2088 872 2115 terram
900 2092 939 2114 se
964 2091 1133 2121 movens,
1160 2087 1223 2113 aut
1248 2082 1438 2113 celerrime

165 2146 201 2178 in
227 2147 310 2178 aere
336 2145 486 2178 librans.
533 2144 733 2178 Habilatio
759 2146 792 2177 in
819 2145 1014 2177 fruticibus
1041 2145 1071 2176 <lc
1109 2144 1350 2186 grauiinosis,
1399 2143 1439 2175 li-

165 2209 294 2240 benter
319 2207 410 2239 locis
436 2208 623 2240 svlvaticis
651 2210 680 2242 ά·
706 2209 903 2248 montosis,
929 2217 992 2250 per
1029 2206 1193 2239 Sueciam
1242 2206 1439 2238 borealem.

172 2269 304 2302 Larvae
331 2269 428 2302 forte
455 2272 647 2314 parasitae‚
674 2273 733 2303 vix
761 2269 1032 2314 phytopliagae'l
1060 2268 1288 2313 Dgfferenffa
1305 2278 1439 2308 se.rus;

169 2343 266 2366 mas.-
293 2333 408 2364 oculis
434 2339 491 2365 sat
516 2335 801 2377 approximatis,
831 2334 925 2365 serie
951 2338 1110 2365 setarum
1146 2333 1317 2375 utrinque
1358 2332 1441 2362 sim-

170 2397 275 2440 plici,
302 2396 482 2439 unguibus
508 2397 745 2441 pulvillisque
771 2397 909 2440 longis;
929 2395 1098 2439 femina:
1123 2396 1239 2428 oculis
1266 2399 1323 2426 sat
1364 2394 1440 2426 late

1248 2460 1324 2497 151
